<record><leader>01069cam a2200301I  4500</leader><controlfield tag="001">100168672</controlfield><controlfield tag="003">MiAaHDL</controlfield><controlfield tag="005">20151022000000.0</controlfield><controlfield tag="006">m        d        </controlfield><controlfield tag="007">cr bn ---auaua</controlfield><controlfield tag="008">720225m19679999dcu      b   f000 0 eng u</controlfield><datafield tag="035" ind1=" " ind2=" "><subfield code="a">sdr-srlf3058420</subfield></datafield><datafield tag="035" ind1=" " ind2=" "><subfield code="a">sdr-miu.990128625800106381</subfield></datafield><datafield tag="035" ind1=" " ind2=" "><subfield code="a">sdr-osu.b35856385</subfield></datafield><datafield tag="035" ind1=" " ind2=" "><subfield code="a">3058420</subfield></datafield><datafield tag="035" ind1=" " ind2=" "><subfield code="9">07-AKT-6890</subfield></datafield><datafield tag="035" ind1=" " ind2=" "><subfield code="a">(OCoLC)250021</subfield></datafield><datafield tag="040" ind1=" " ind2=" "><subfield code="c">WSU</subfield><subfield code="d">m.c.</subfield><subfield code="d">CWR</subfield><subfield code="d">OCL</subfield><subfield code="d">m/c</subfield><subfield code="d">CLU</subfield></datafield><datafield tag="100" ind1="1" ind2=" "><subfield code="a">Shimanouchi, Takehiko,</subfield><subfield code="d">1916-1980.</subfield></datafield><datafield tag="245" ind1="1" ind2="0"><subfield code="a">Tables of molecular vibrational frequencies.</subfield></datafield><datafield tag="260" ind1=" " ind2=" "><subfield code="a">Washington,</subfield><subfield code="b">U.S. Dept. of Commerce, National Bureau of Standards; for sale by the Supt. of Docs., U.S. Govt. Print. Off.,</subfield><subfield code="c">1967-</subfield></datafield><datafield tag="300" ind1=" " ind2=" "><subfield code="a">v.</subfield><subfield code="c">27 cm.</subfield></datafield><datafield tag="490" ind1="0" ind2=" "><subfield code="a">United States. National Bureau of Standards. National standard reference data series,</subfield><subfield code="v">NSRDS-NBS 6, 11, 17</subfield></datafield><datafield tag="504" ind1=" " ind2=" "><subfield code="a">Includes bibliographical references.</subfield></datafield><datafield tag="538" ind1=" " ind2=" "><subfield code="a">Mode of access: Internet.</subfield></datafield><datafield tag="650" ind1=" " ind2="0"><subfield code="a">Vibrational spectra.</subfield></datafield><datafield tag="650" ind1=" " ind2="0"><subfield code="a">Molecular spectra.</subfield></datafield><datafield tag="CID" ind1=" " ind2=" "><subfield code="a">100168672</subfield></datafield><datafield tag="DAT" ind1="0" ind2=" "><subfield code="a">20130618093217.0</subfield><subfield code="b">20151022000000.0</subfield></datafield><datafield tag="DAT" ind1="1" ind2=" "><subfield code="a">20151027090751.0</subfield><subfield code="b">2020-12-17T18:36:39Z</subfield></datafield><datafield tag="DAT" ind1="2" ind2=" "><subfield code="a">2020-12-17T18:30:02Z</subfield></datafield><datafield tag="CAT" ind1=" " ind2=" "><subfield code="a">SDR-SRLF</subfield><subfield code="d">EX LIBRIS - VOYAGER</subfield><subfield code="l">prepare.pl-004-004</subfield></datafield><datafield tag="FMT" ind1=" " ind2=" "><subfield code="a">BK</subfield></datafield><datafield tag="HOL" ind1=" " ind2=" "><subfield code="0">sdr-srlf3058420</subfield><subfield code="a">uc1</subfield><subfield code="b">SDR</subfield><subfield code="c">SRLF</subfield><subfield code="p">uc1.aa0010428373</subfield><subfield code="s">UC</subfield><subfield code="z">v.1-3</subfield><subfield code="1">3058420</subfield></datafield><datafield tag="974" ind1=" " ind2=" "><subfield code="b">UC</subfield><subfield code="c">SRLF</subfield><subfield code="d">20201217</subfield><subfield code="s">google</subfield><subfield code="u">uc1.aa0010428373</subfield><subfield code="z">v.1-3</subfield><subfield code="r">ic</subfield><subfield code="q">bib</subfield><subfield code="t">US fed doc--NIST-NSRDS: pubdate &gt;= 1927</subfield></datafield><datafield tag="974" ind1=" " ind2=" "><subfield code="b">MIU</subfield><subfield code="c">GWLA</subfield><subfield code="d">20220212</subfield><subfield code="s">google</subfield><subfield code="u">mdp.39015086492272</subfield><subfield code="z">Part 1 (r:6)</subfield><subfield code="r">ic</subfield><subfield code="q">bib</subfield><subfield code="t">US fed doc--NIST-NSRDS: pubdate &gt;= 1927</subfield></datafield><datafield tag="974" ind1=" " ind2=" "><subfield code="b">MIU</subfield><subfield code="c">GWLA</subfield><subfield code="d">20220212</subfield><subfield code="s">google</subfield><subfield code="u">mdp.39015086492280</subfield><subfield code="z">Part 2 (r:11)</subfield><subfield code="r">ic</subfield><subfield code="q">bib</subfield><subfield code="t">US fed doc--NIST-NSRDS: pubdate &gt;= 1927</subfield></datafield><datafield tag="974" ind1=" " ind2=" "><subfield code="b">MIU</subfield><subfield code="c">GWLA</subfield><subfield code="d">20220211</subfield><subfield code="s">google</subfield><subfield code="u">mdp.39015086492298</subfield><subfield code="z">Part 3 (r:17)</subfield><subfield code="r">ic</subfield><subfield code="q">bib</subfield><subfield code="t">US fed doc--NIST-NSRDS: pubdate &gt;= 1927</subfield></datafield><datafield tag="974" ind1=" " ind2=" "><subfield code="b">OU</subfield><subfield code="c">OSU</subfield><subfield code="d">20181024</subfield><subfield code="s">google</subfield><subfield code="u">osu.32435025496233</subfield><subfield code="z">no.6-7 1966-67</subfield><subfield code="r">ic</subfield><subfield code="q">bib</subfield><subfield code="t">US fed doc--NIST-NSRDS: pubdate &gt;= 1927</subfield></datafield></record>